<?xml version="1.0" encoding="utf-8"?>
<record xmlns="http://www.loc.gov/MARC21/slim" xmlns:xsi="http://www.w3.org/2001/XMLSchema-instance" xsi:schemaLocation="http://www.loc.gov/MARC21/slim http://www.loc.gov/standards/marcxml/schema/MARC21slim.xsd">
	<leader>     nam a22     Mi 4500</leader>
	<controlfield tag="001">857567</controlfield>
	<controlfield tag="003">NjP</controlfield>
	<controlfield tag="006">m        d        </controlfield>
	<controlfield tag="007">cr cn |||m|||a</controlfield>
	<controlfield tag="008">200724s1882    sy      o     000 0 ara d</controlfield>
	<datafield ind1=" " ind2=" " tag="040">
		<subfield code="a">ZYU</subfield>
		<subfield code="b">ara</subfield>
		<subfield code="e">rda</subfield>
		<subfield code="c">ZYU</subfield>
	</datafield>
	<datafield ind1="1" ind2="4" tag="050">
		<subfield code="a">QP34</subfield>
		<subfield code="b">.I8</subfield>
	</datafield>
	<datafield ind1="1" ind2=" " tag="100">
		<subfield code="6">880-01</subfield>
		<subfield code="a">Iskandarānī, Muḥammad ibn Aḥmad,</subfield>
		<subfield code="d">-1888 or 1889.</subfield>
	</datafield>
	<datafield ind1="1" ind2="0" tag="240">
		<subfield code="6">880-02</subfield>
		<subfield code="a">Asrār al-rabbānīyah fī al-nabātāt wa-al-maʻādin wa-al-khawāṣṣ al-ḥayawānīyah</subfield>
	</datafield>
	<datafield ind1="1" ind2="0" tag="245">
		<subfield code="6">880-03</subfield>
		<subfield code="a">Hādhā Kitāb al-asrār al-rabbānīyah fī al-nabātāt wa-al-maʻādin wa-al-khawāṣṣ al-ḥayawānīyah /</subfield>
		<subfield code="c">taʼlīf Muḥammad ibn Aḥmad al-Iskandarānī.</subfield>
	</datafield>
	<datafield ind1="3" ind2=" " tag="246">
		<subfield code="a">Asrār al-rabbānīyah fī al-nabātāt wa-al-maʻādin wa-al-khawāṣṣ al-ḥayawānīyah</subfield>
	</datafield>
	<datafield ind1=" " ind2=" " tag="260">
		<subfield code="6">880-04</subfield>
		<subfield code="a">Wilāyat Sūrīyā :</subfield>
		<subfield code="b">Maṭbaʻat Majlis Maʻārif,</subfield>
		<subfield code="c">1300 [1882 or 1883]</subfield>
	</datafield>
	<datafield ind1=" " ind2=" " tag="300">
		<subfield code="a">online resource (288 pages)</subfield>
	</datafield>
	<datafield ind1=" " ind2=" " tag="336">
		<subfield code="a">text</subfield>
		<subfield code="2">rdacontent</subfield>
	</datafield>
	<datafield ind1=" " ind2=" " tag="337">
		<subfield code="a">computer</subfield>
		<subfield code="2">rdamedia</subfield>
	</datafield>
	<datafield ind1=" " ind2=" " tag="338">
		<subfield code="a">online resource</subfield>
		<subfield code="2">rdacarrier</subfield>
	</datafield>
	<datafield ind1=" " ind2=" " tag="500">
		<subfield code="a">Part of the Arabic Collections Online (ACO) project, contributed by Princeton University Libraries.</subfield>
	</datafield>
	<datafield ind1=" " ind2=" " tag="533">
		<subfield code="a">Electronic reproduction.</subfield>
		<subfield code="b">New York, N.Y. :</subfield>
		<subfield code="c">New York University,</subfield>
		<subfield code="d">2020.</subfield>
		<subfield code="5">NNU</subfield>
	</datafield>
	<datafield ind1=" " ind2="0" tag="650">
		<subfield code="a">Materia medica, Vegetable.</subfield>
	</datafield>
	<datafield ind1=" " ind2="0" tag="650">
		<subfield code="a">Materia medica, Animal.</subfield>
	</datafield>
	<datafield ind1=" " ind2="0" tag="650">
		<subfield code="a">Minerals in pharmacology.</subfield>
	</datafield>
	<datafield ind1=" " ind2="0" tag="650">
		<subfield code="a">Medicine, Arab.</subfield>
	</datafield>
	<datafield ind1=" " ind2="7" tag="650">
		<subfield code="a">Materia medica, Animal.</subfield>
		<subfield code="2">fast</subfield>
		<subfield code="0">(OCoLC)fst01011721</subfield>
	</datafield>
	<datafield ind1=" " ind2="7" tag="650">
		<subfield code="a">Materia medica, Vegetable.</subfield>
		<subfield code="2">fast</subfield>
		<subfield code="0">(OCoLC)fst01011725</subfield>
	</datafield>
	<datafield ind1=" " ind2="7" tag="650">
		<subfield code="a">Medicine, Arab.</subfield>
		<subfield code="2">fast</subfield>
		<subfield code="0">(OCoLC)fst01015186</subfield>
	</datafield>
	<datafield ind1=" " ind2="7" tag="650">
		<subfield code="a">Minerals in pharmacology.</subfield>
		<subfield code="2">fast</subfield>
		<subfield code="0">(OCoLC)fst01022480</subfield>
	</datafield>
	<datafield ind1="2" ind2=" " tag="710">
		<subfield code="a">Princeton University.</subfield>
		<subfield code="b">Library.</subfield>
	</datafield>
	<datafield ind1="0" ind2=" " tag="730">
		<subfield code="a">Arabic Collections Online.</subfield>
	</datafield>
	<datafield ind1="0" ind2="8" tag="776">
		<subfield code="i">Online version:</subfield>
		<subfield code="a">Iskandarānī, Muḥammad ibn Aḥmad, -1888 or 9.</subfield>
		<subfield code="s">Asrār al-rabbānīyah fī al-nabātāt wa-al-maʻādin wa-al-khawāṣṣ al-ḥayawānīyah.</subfield>
		<subfield code="t">Hādhā Kitāb al-asrār al-rabbānīyah fī al-nabātāt wa-al-maʻādin wa-al-khawāṣṣ al-ḥayawānīyah.</subfield>
		<subfield code="d">Wilāyat Sūrīyā : Maṭbaʻat Majlis Maʻārif, 1300 [1882 or 1883]</subfield>
		<subfield code="w">(OCoLC)663396823</subfield>
	</datafield>
	<datafield ind1="0" ind2="8" tag="776">
		<subfield code="i">Print version:</subfield>
		<subfield code="a">Iskandarānī, Muḥammad ibn Aḥmad, -1888 or 1889.</subfield>
		<subfield code="t">Hādhā Kitāb al-asrār al-rabbānīyah fī al-nabātāt wa-al-maʻādin wa-al-khawāṣṣ al-ḥayawānīyah</subfield>
		<subfield code="w">(NjP)857567</subfield>
		<subfield code="w">(OCoLC)29706161</subfield>
	</datafield>
	<datafield ind1="4" ind2="0" tag="856">
		<subfield code="u">http://hdl.handle.net/2333.1/dr7sr58k</subfield>
	</datafield>
	<datafield ind1="4" ind2="0" tag="856">
		<subfield code="u">http://hdl.handle.net/2333.1/dr7sr58k</subfield>
	</datafield>
	<datafield ind1="1" ind2=" " tag="880">
		<subfield code="6">100-01</subfield>
		<subfield code="a">اسكندراني، محمد بن احمد.</subfield>
	</datafield>
	<datafield ind1="1" ind2="0" tag="880">
		<subfield code="6">240-02</subfield>
		<subfield code="a">اسرار الربانية في النباتات والمعادن والخواص الحيوانية</subfield>
	</datafield>
	<datafield ind1="1" ind2="0" tag="880">
		<subfield code="6">245-03</subfield>
		<subfield code="a">هذا كتاب الاسرار الربانية في النباتات والمعادن والخواص الحيوانية /</subfield>
		<subfield code="c">تأليف محمد بن احمد الاسكندراني.</subfield>
	</datafield>
	<datafield ind1=" " ind2=" " tag="880">
		<subfield code="6">260-04</subfield>
		<subfield code="a">ولاية سوريا :</subfield>
		<subfield code="b">مطبعة مجلس معارف،</subfield>
		<subfield code="c">1300 [1882 او 1883]</subfield>
	</datafield>
	<datafield ind1=" " ind2=" " tag="959">
		<subfield code="a">NNU</subfield>
		<subfield code="b">WEB</subfield>
		<subfield code="c">GENI</subfield>
		<subfield code="t">0</subfield>
		<subfield code="m">Electronic access</subfield>
		<subfield code="s">01</subfield>
	</datafield>
	<datafield ind1=" " ind2=" " tag="959">
		<subfield code="a">NNU</subfield>
		<subfield code="b">WEB</subfield>
		<subfield code="c">GENI</subfield>
		<subfield code="t">0</subfield>
		<subfield code="m">Electronic access</subfield>
		<subfield code="s">01</subfield>
	</datafield>
	<datafield ind1=" " ind2=" " tag="999">
		<subfield code="i">NjP_857567</subfield>
		<subfield code="o">(OCoLC)ocm29706161 </subfield>
		<subfield code="s">princeton_aco004593:</subfield>
		<subfield code="e">(ERROR-880)</subfield>
	</datafield>
</record>
